@misc{ryg-blog,
    author = "Fabian Giesen",
    title = "How many x86 instructions are there?",
    year = {2016},
    url  = "https://fgiesen.wordpress.com/2016/08/25/how-many-x86-instructions-are-there/",
    addendum = "(accessed: 14.04.2024)",
}

@misc{gfg-risc-vs-cisc,
    author = "Vibha Joshi",
    title = "RISC and CISC in Computer Organization",
    year = {2024},
    url  = "https://www.geeksforgeeks.org/computer-organization-risc-and-cisc/",
    addendum = "(accessed: 14.04.2024)",
}